<?xml version="1.0" encoding="UTF-8"?><collection xmlns="http://www.loc.gov/MARC21/slim"><record><leader>00490nam--2200169-u-4500</leader><controlfield tag="001">000056041</controlfield><controlfield tag="002">20161230</controlfield><controlfield tag="005">20161230201052</controlfield><controlfield tag="008">141204s1000------------r-----000-0-eng-d</controlfield><datafield ind1=" " ind2=" " tag="040"><subfield code="a">IFIN-HH</subfield></datafield><datafield ind1=" " ind2=" " tag="080"><subfield code="a">524.8</subfield></datafield><datafield ind1="1" ind2=" " tag="100"><subfield code="a">Peebles, P.J.E</subfield></datafield><datafield ind1="1" ind2="0" tag="245"><subfield code="a">The large-scale structure of the universe</subfield><subfield code="c">P.j.e. peebles</subfield></datafield><datafield ind1=" " ind2=" " tag="260"><subfield code="a">Princeton, New Jersey</subfield><subfield code="b">Priceton University Press</subfield><subfield code="c">1980</subfield></datafield><datafield ind1=" " ind2=" " tag="300"><subfield code="a">XIII+422P.PRINCETON SERIES IN PHYSICS</subfield></datafield><datafield ind1=" " ind2=" " tag="852"><subfield code="a">48764</subfield><subfield code="c">523</subfield></datafield><datafield ind1=" " ind2=" " tag="CAT"><subfield code="a">Sys</subfield><subfield code="c">20141204</subfield><subfield code="h">135710</subfield></datafield></record></collection>